@Book{xie2015,
  title = {Dynamic Documents with {R} and knitr},
  author = {Yihui Xie},
  publisher = {Chapman and Hall/CRC},
  address = {Boca Raton, Florida},
  year = {2015},
  edition = {2nd},
  note = {ISBN 978-1498716963},
  url = {http://yihui.org/knitr/},
}

@inbook{jang2018,
	title = {Detection and Prediction of House Price Bubbles: Evidence from a New City},
	author = {Jang, Hanwool and Ahn, Kwangwon and Kim, Dongshin and Song, Yena},
	year = {2018},
	date = {2018},
	publisher = {Springer International Publishing},
	pages = {782--795},
	doi = {10.1007/978-3-319-93713-7_76},
	url = {http://dx.doi.org/10.1007/978-3-319-93713-7_76}
}

@book{10.5555/1088896,
author = {Wilkinson, Leland},
title = {The Grammar of Graphics (Statistics and Computing)},
year = {2005},
isbn = {0387245448},
publisher = {Springer-Verlag},
address = {Berlin, Heidelberg}
}
