% Encoding: UTF-8

@Article{Love2014,
  author    = {Love, Michael I. and Huber, Wolfgang and Anders, Simon},
  title     = {Moderated estimation of fold change and dispersion for {RNA}-seq data with {DESeq}2},
  journal   = {Genome Biology},
  year      = {2014},
  volume    = {15},
  number    = {12},
  month     = {dec},
  doi       = {10.1186/s13059-014-0550-8},
  publisher = {Springer Science and Business Media {LLC}},
}

@TechReport{anrlove2020,
  author = {Love, Michael I. and Anders, Simon and Huber, Wolfgang},
  title  = {Analyzing RNA-seq data with DESeq2},
  year   = {2020},
  date   = {2020-05-12},
  url    = {https://bioconductor.org/packages/release/bioc/vignettes/DESeq2/inst/doc/DESeq2.html},
}

@Article{Gerarduzzi2017,
  author    = {Casimiro Gerarduzzi and Ramya K. Kumar and Priyanka Trivedi and Amrendra K. Ajay and Ashwin Iyer and Sarah Boswell and John N. Hutchinson and Sushrut S. Waikar and Vishal S. Vaidya},
  title     = {Silencing {SMOC}2 ameliorates kidney fibrosis by inhibiting fibroblast to myofibroblast transformation},
  journal   = {{JCI} Insight},
  year      = {2017},
  volume    = {2},
  number    = {8},
  month     = {apr},
  doi       = {10.1172/jci.insight.90299},
  publisher = {American Society for Clinical Investigation},
}

@Misc{Pipperrana,
  author = {Piper, Mary},
  date   = {2020-10-01},
  title  = {RNA-Seq with Bioconductor in R},
  url    = {https://learn.datacamp.com/courses/rna-seq-with-bioconductor-in-r},
}

@Comment{jabref-meta: databaseType:biblatex;}
