@book{loftus2021basic,
author = {Loftus, S C},
isbn = {9780128209264},
publisher = {Elsevier Science},
title = {{Basic Statistics with R: Reaching Decisions with Data}},
url = {https://books.google.hu/books?id=vTASEAAAQBAJ},
year = {2021}
}